<record><leader>00000cas a22000007a 4500</leader><controlfield tag="001">13457564</controlfield><controlfield tag="008">860419d1931193uutuwr ne      0    0eng d</controlfield><datafield ind1=" " ind2=" " tag="010"><subfield code="a">sn 86091332 </subfield></datafield><datafield ind1=" " ind2=" " tag="040"><subfield code="a">UNP</subfield><subfield code="b">eng</subfield><subfield code="c">UNP</subfield><subfield code="d">YUS</subfield><subfield code="d">OCLCQ</subfield><subfield code="d">OCLCF</subfield><subfield code="d">OCLCO</subfield></datafield><datafield ind1="1" ind2=" " tag="029"><subfield code="a">AU@</subfield><subfield code="b">000025798251</subfield></datafield><datafield ind1=" " ind2=" " tag="042"><subfield code="a">msc</subfield></datafield><datafield ind1=" " ind2=" " tag="043"><subfield code="a">n-us-ut</subfield></datafield><datafield ind1=" " ind2="4" tag="050"><subfield code="a">AN2.U8</subfield><subfield code="b">P76</subfield></datafield><datafield ind1="0" ind2="4" tag="245"><subfield code="a">The Progressive independent.</subfield></datafield><datafield ind1=" " ind2=" " tag="260"><subfield code="a">Murray, Utah :</subfield><subfield code="b">C.N. Lund,</subfield><subfield code="c">1931-</subfield></datafield><datafield ind1=" " ind2=" " tag="300"><subfield code="a">v. :</subfield><subfield code="b">ill. ;</subfield><subfield code="c">55 cm.</subfield></datafield><datafield ind1=" " ind2=" " tag="310"><subfield code="a">Weekly</subfield></datafield><datafield ind1="0" ind2=" " tag="362"><subfield code="a">Vol. 1, no. 1 (Dec. 1931)-</subfield></datafield><datafield ind1=" " ind2=" " tag="500"><subfield code="a">Also published in Salt Lake City, Utah. Cf. Ayers, 1933.</subfield></datafield><datafield ind1=" " ind2=" " tag="550"><subfield code="a">Official organ of the Natural Government Association.</subfield></datafield><datafield ind1=" " ind2="0" tag="651"><subfield code="a">Murray (Utah)</subfield><subfield code="v">Newspapers.</subfield></datafield><datafield ind1=" " ind2="7" tag="655"><subfield code="a">Newspapers.</subfield><subfield code="2">fast</subfield><subfield code="0">(OCoLC)fst01423814</subfield></datafield><datafield ind1=" " ind2="7" tag="651"><subfield code="a">Utah</subfield><subfield code="z">Murray.</subfield><subfield code="2">fast</subfield><subfield code="0">(OCoLC)fst01222715</subfield></datafield><datafield ind1="2" ind2=" " tag="710"><subfield code="a">Natural Government Association.</subfield></datafield><datafield ind1=" " ind2=" " tag="752"><subfield code="a">United States</subfield><subfield code="b">Utah</subfield><subfield code="c">Salt Lake</subfield><subfield code="d">Murray.</subfield></datafield><datafield ind1=" " ind2=" " tag="752"><subfield code="a">United States</subfield><subfield code="b">Utah</subfield><subfield code="c">Salt Lake</subfield><subfield code="d">Salt Lake City.</subfield></datafield><datafield ind1="0" ind2="0" tag="785"><subfield code="t">Public opinion (Salt Lake City, Utah)</subfield><subfield code="w">(DLC)sn 85058097</subfield><subfield code="w">(OCoLC)11885066</subfield></datafield></record>